@misc{sharpgp2y0a02yk0f,
  author        = {Sharp},
  howpublished  = {\url{https://global.sharp/products/device/lineup/data/pdf/datasheet/gp2y0a02yk_e.pdf}},
  title         = {เอกสารข้อมูล Sharp GP2Y0A02YK0F},
  note          = {เข้าถึงเมื่อ: 25 มีนาคม 2567}
}

@misc{u-blox-neo-7m,
  author        = {u-blox},
  howpublished  = {\url{https://content.u-blox.com/sites/default/}%\url{files/products/documents/NEO-7_DataSheet_%28UBX-13003830%29.pdf}},
  year          = 2014,
  title         = {เอกสารข้อมูล u-blox NEO-7},
  note          = {เข้าถึงเมื่อ: 25 มีนาคม 2567}
}

@misc{esp32,
  author        = {Espressif Systems},
  howpublished  = {\url{https://www.espressif.com/sites/default/files/documentation/esp32_datasheet_en.pdf}},
  year          = 2024,
  title         = {เอกสารข้อมูล ESP32},
  note          = {เข้าถึงเมื่อ: 25 มีนาคม 2567}
}

@misc{lte,
  author        = {3GPP},
  howpublished  = {\url{https://web.archive.org/web/20210909092023/ftp://ftp.3gpp.org/Inbox/2008_web_files/LTA_Paper.pdf}},
  year          = 2008,
  title         = {UTRA-UTRAN Long Term Evolution (LTE) and 3GPP System Architecture Evolution (SAE)},
  note          = {เข้าถึงเมื่อ: 25 มีนาคม 2567}
}

@misc{http,
  author        = {AWS},
  howpublished  = {\url{https://aws.amazon.com/th/compare/the-difference-between-https-and-http/}},
  year          = 2023,
  title         = {HTTP Protocal},
  note          = {เข้าถึงเมื่อ: 25 มีนาคม 2567}
}

@misc{javascript,
  author        = {KongRuksiam Studio},
  howpublished  = {\url{https://kongruksiam.medium.com/รู้จักกับ-javascript-และ-nodejs-8b5041853eae}},
  year          = 2022,
  title         = {JavaScript},
  note          = {เข้าถึงเมื่อ: 27 มีนาคม 2567}
}

@misc{nodejs,
  author        = {KongRuksiam Studio},
  howpublished  = {\url{https://kongruksiam.medium.com/รู้จักกับ-javascript-และ-nodejs-8b5041853eae}},
  year          = 2022,
  title         = {Node.js},
  note          = {เข้าถึงเมื่อ: 27 มีนาคม 2567}
}

@misc{react,
  author        = {BorntoDev Co., Ltd.},
  howpublished  = {\url{https://www.borntodev.com/2020/07/15/react-101/}},
  year          = 2023,
  title         = {HTTP Protocal},
  note          = {เข้าถึงเมื่อ: 27 มีนาคม 2567}
}

@misc{influxdb,
  author        = {สุพจน์ แซ่เอีย},
  howpublished  = {\url{https://supotsaeea-2504.medium.com/ติดตั้ง-influxdb-บน-termux-c71f1aa9fe6d}},
  year          = 2021,
  title         = {InfluxDB},
  note          = {เข้าถึงเมื่อ: 27 มีนาคม 2567}
}

@misc{digitalocean,
  author        = {AppMaster},
  howpublished  = {\url{https://appmaster.io/th/blog/digitalocean-khuue-aair}},
  year          = 2023,
  title         = {DigitalOcean},
  note          = {เข้าถึงเมื่อ: 27 มีนาคม 2567}
}

@misc{mosquitto,
  author        = {Choonewza},
  howpublished  = {\url{https://choonewza.medium.com/การติดตั้ง-mosquitto-ให้กับ-raspberry-pi-d6c8ea57b441}},
  year          = 2018,
  title         = {Mosquitto},
  note          = {เข้าถึงเมื่อ: 27 มีนาคม 2567}
}